<record><leader>00000cas a22000007a 4500</leader><controlfield tag="001">21049268</controlfield><controlfield tag="008">900210d1897190uaruwr ne      0    0eng d</controlfield><datafield ind1=" " ind2=" " tag="010"><subfield code="a">sn 90050051 </subfield></datafield><datafield ind1=" " ind2=" " tag="040"><subfield code="a">ANU</subfield><subfield code="b">eng</subfield><subfield code="c">ANU</subfield><subfield code="d">OCLCQ</subfield></datafield><datafield ind1=" " ind2=" " tag="042"><subfield code="a">msc</subfield></datafield><datafield ind1="0" ind2=" " tag="130"><subfield code="a">Post=dispatch (Dardanelle, Ark. : 1897)</subfield></datafield><datafield ind1="1" ind2="4" tag="245"><subfield code="a">The Post=dispatch.</subfield></datafield><datafield ind1="1" ind2="3" tag="246"><subfield code="a">Dardanelle post-dispatch</subfield></datafield><datafield ind1=" " ind2=" " tag="260"><subfield code="a">Dardanelle, Ark. :</subfield><subfield code="b">Post-Dispatch Pub. Co.</subfield></datafield><datafield ind1=" " ind2=" " tag="300"><subfield code="a">v.</subfield></datafield><datafield ind1=" " ind2=" " tag="310"><subfield code="a">Weekly</subfield></datafield><datafield ind1="1" ind2=" " tag="362"><subfield code="a">Began in 1897.</subfield></datafield><datafield ind1=" " ind2=" " tag="588"><subfield code="a">Description based on: Vol. 23, no. 48 (Jan. 11, 1900).</subfield></datafield><datafield ind1=" " ind2=" " tag="752"><subfield code="a">United States</subfield><subfield code="b">Arkansas</subfield><subfield code="c">Yell</subfield><subfield code="d">Dardanelle.</subfield></datafield><datafield ind1="0" ind2="4" tag="780"><subfield code="t">Dardanelle post</subfield><subfield code="w">(DLC)sn 89051006</subfield></datafield><datafield ind1="0" ind2="4" tag="780"><subfield code="t">Dardanelle dispatch</subfield><subfield code="w">(DLC)sn 90050052</subfield></datafield><datafield ind1="0" ind2="0" tag="785"><subfield code="t">Dardanelle post=dispatch</subfield><subfield code="w">(DLC)sn 89051008</subfield></datafield></record>